%Lahteet
@ARTICLE{4799375,
author={Ferzli, R. and Karam, L.J.},
journal={Image Processing, IEEE Transactions on},
title={A No-Reference Objective Image Sharpness Metric Based on the Notion of
Just Noticeable Blur (JNB)},
year={2009},
month={April},
volume={18},
number={4},
pages={717-728},
keywords={image resolution;probability;blurriness metric;just noticeable
blur;perceptual-based no-reference objective image sharpness;perceptual-based
sharpness metric;probability summation model;Accuracy;Displays;Image
analysis;Image coding;Image quality;Image
restoration;Printing;Quantization;Testing;Video compression;HVS;image
assessment;image quality;no-reference;objective;perception;sharpness metric},
doi={10.1109/TIP.2008.2011760},
ISSN={1057-7149},}

@INPROCEEDINGS{5464831,
author={Tao Liu and Cash, G. and Wen Chen and Chunhua Chen and Bloom, J.},
booktitle={Information Sciences and Systems (CISS), 2010 44th Annual
Conference on},
title={Real-time video quality monitoring for mobile devices},
year={2010},
month={March},
pages={1-6},
keywords={mobile computing;mobile handsets;monitoring;real-time systems;user
interfaces;video coding;NR measures;NR video quality assessment;commercial
quality assessment systems;mobile devices;network diagnosis;no-reference
measures;proof-of-concept implementation;quality-scalable service
planning;real-time quality monitoring system;real-time video quality
monitoring;reference information;remote software interface;transmission
channel;video quality measurements;Application software;Degradation;Quality
assessment;Quality of service;Real time systems;Remote monitoring;Smart
phones;Video compression;Video on
demand;Videoconference;H.264/AVC;No-reference quality measurement;video
quality assessment},
doi={10.1109/CISS.2010.5464831},}

@INPROCEEDINGS{5583037,
author={Junyong You and Korhonen, J. and Perkis, A.},
booktitle={Multimedia and Expo (ICME), 2010 IEEE International Conference on},
title={Attention modeling for video quality assessment: Balancing global
quality and local quality},
year={2010},
month={July},
pages={914-919},
keywords={image sequences;video signal processing;attention modeling;averaged
spatiotemporal pooling;global quality;image quality metrics;local
quality;video quality assessment;video sequence;Databases;Image
quality;Measurement;PSNR;Quality assessment;Video
sequences;Visualization;Quality metric;motion;saliency;temporal
pooling;visual attention},
doi={10.1109/ICME.2010.5583037},
ISSN={1945-7871},}

@INPROCEEDINGS{5583094,
author={Tsung-Jung Liu and Kuan-Hsien Liu and Hsin-Hua Liu},
booktitle={Multimedia and Expo (ICME), 2010 IEEE International Conference on},
title={Temporal information assisted video quality metric for multimedia},
year={2010},
month={July},
pages={697-701},
keywords={multimedia systems;video signal processing;Laboratory for Image and
Video Engineering LIVE Video Quality Database;image quality assessment
metric;multimedia videos;temporal information assisted video quality
metric;Humans;Indexes;Logistics;Measurement;Quality assessment;Streaming
media;Video quality assessment;motion estimation;speed similarity;temporal
information;video quality score},
doi={10.1109/ICME.2010.5583094},
ISSN={1945-7871},}

@ARTICLE{5710601,
author={Chikkerur, S. and Sundaram, V. and Reisslein, M. and Karam, L.J.},
journal={Broadcasting, IEEE Transactions on},
title={Objective Video Quality Assessment Methods: A Classification, Review,
and Performance Comparison},
year={2011},
month={June},
volume={57},
number={2},
pages={165-182},
keywords={computational complexity;frequency-domain analysis;high definition
video;image classification;image motion analysis;image
resolution;spatiotemporal phenomena;video signal processing;visual
databases;visual perception;LIVE video quality
database;MS-SSIM;VQM;computational complexity;full-reference media-layer
objective video quality assessment method;high definition video;motion-based
video integrity evaluation;multiscale-structural similarity index;natural
visual characteristics subclassification;natural visual feature;natural
visual statistics;perceptual characteristics;perceptual spatiotemporal
frequency-domain method;pixel-domain method;reduced-reference media-layer
objective video quality assessment method;video classification;video quality
metric;video resolution;Computational modeling;Measurement;Predictive
models;Quality assessment;Streaming media;Video
sequences;Visualization;Full-reference metric;objective video
quality;perceptual video quality;reduced-reference metric},
doi={10.1109/TBC.2011.2104671},
ISSN={0018-9316},}

@ARTICLE{5739529,
author={Narvekar, N.D. and Karam, L.J.},
journal={Image Processing, IEEE Transactions on},
title={A No-Reference Image Blur Metric Based on the Cumulative Probability
of Blur Detection (CPBD)},
year={2011},
month={Sept},
volume={20},
number={9},
pages={2678-2683},
keywords={image restoration;probability;CPBD;blur detection;cumulative
probability;human blur perception;image databases;no-reference image blur
metric;Databases;Image coding;Image edge
detection;Measurement;Pixel;Transform coding;Visualization;Blur
detection;blur metric;no-reference;objective;perceptual;sharpness
metric;visual quality},
doi={10.1109/TIP.2011.2131660},
ISSN={1057-7149},}

@INPROCEEDINGS{6081486,
author={Yan Yang and Xiangming Wen and Wei Zheng and LeLin Yan and Ajing
Zhang},
booktitle={Wireless Personal Multimedia Communications (WPMC), 2011 14th
International Symposium on},
title={A no-reference video quality metric by using inter-frame encoding
characters},
year={2011},
month={Oct},
pages={1-5},
keywords={discrete cosine transforms;encoding;video signal processing;video
streaming;DCT domain;bit stream;block-based coding standard;burst loss
situation;channel condition;good video quality estimator;inter-frame encoded
frames;inter-frame encoding characters;inter-frame video quality metric;lossy
network;low time-complexity algorithm;mean opinion score;motion
vector;residual error;transmission phase;universal no-reference video quality
metric;video quality degradation;video quality estimation;video quality
prediction;video sequences;wireless networks;Encoding;Measurement;Streaming
media;Strontium;TV;Vectors;Video sequences;VQM;inter-frame;spatial;temporal},
ISSN={1347-6890},}

@INPROCEEDINGS{6116319,
author={Saad, M.A. and Bovik, A.C. and Charrier, C.},
booktitle={Image Processing (ICIP), 2011 18th IEEE International Conference
on},
title={DCT statistics model-based blind image quality assessment},
year={2011},
month={Sept},
pages={3093-3096},
keywords={discrete cosine transforms;image processing;BLIINDS-II;DCT
statistics model;LIVE IQA database;blind image quality assessment;discrete
cosine transform;full-reference SSIM index;no-reference image quality
assessment;Computational modeling;Discrete cosine transforms;Feature
extraction;Image quality;Predictive models;Probabilistic
logic;Training;No-reference image quality assessment;discrete cosine
transform;generalized Gaussian density;natural scene statistics},
doi={10.1109/ICIP.2011.6116319},
ISSN={1522-4880},}

@INPROCEEDINGS{6411890,
author={Long Xu and King Ngi Ngan and Song Nan Li and Lin Ma},
booktitle={Signal Information Processing Association Annual Summit and
Conference (APSIPA ASC), 2012 Asia-Pacific},
title={Video quality metric for consistent visual quality control in video
coding},
year={2012},
month={Dec},
pages={1-7},
keywords={computational complexity;video coding;visual perception;bit
control;buffer resources;channel bandwidth;channel resources;compliant
buffer;computational complexity;consistent visual quality control;encoding
resources;human visual system;rate-distortion efficiency;real-time video
communication;sequential video;spatial distortions;video coding;video
frames;video quality assessment;video quality metric;visual quality
consistency;Encoding;Measurement;Quality assessment;Quality control;Streaming
media;Video recording;Visualization},}

@INPROCEEDINGS{6467556,
author={Ni, K.S. and Sun, Z.Z. and Bliss, N.T.},
booktitle={Image Processing (ICIP), 2012 19th IEEE International Conference
on},
title={Real-time global motion blur detection},
year={2012},
month={Sept},
pages={3101-3104},
keywords={filters;image motion analysis;image restoration;image
segmentation;least squares approximations;log normal distribution;video
signal processing;image blur metric;linear least squares;log
distribution;real-time global motion blur detection;video
exploitation;wavelet-based Haar filters;wavelet-based thresholding;Discrete
wavelet transforms;Histograms;Image edge detection;Measurement;Real-time
systems;Streaming media},
doi={10.1109/ICIP.2012.6467556},
ISSN={1522-4880},}

@INPROCEEDINGS{6625056,
author={Paulikas, S.},
booktitle={EUROCON, 2013 IEEE},
title={Estimation of video quality of H.264/AVC video streaming},
year={2013},
month={July},
pages={694-700},
keywords={computational complexity;data compression;error statistics;image
sequences;video coding;video streaming;H.264/AVC video streaming
structure;PSNR;SSIM;VQM;bit-error rate;data transmission rates;human
perception characteristics;low computation complexity;mobile communication
systems;multimedia services;peak signal to noise ratio;quality
assessment;reduced reference video sequence;structural similarity;subjective
video quality estimation method;video quality degradation;video quality
metric;Estimation;Measurement;Mobile communication;Quality
assessment;Streaming media;Video coding;Video recording;H.264/AVC video
coding;Video quality;Video quality metrics (VQM)},
doi={10.1109/EUROCON.2013.6625056},}

@null{6705673,
author={Saad, M. and Bovik, A. and Charrier, C.},
journal={Image Processing, IEEE Transactions on},
title={Blind Prediction of Natural Video Quality},
year={2014},
month={},
volume={PP},
number={99},
pages={1-1},
doi={10.1109/TIP.2014.2299154},
ISSN={1057-7149},}



